[{
  "timestamp": "2018-07-11T07:24:09.216Z",
  "symbol": "XRPU18",
  "side": "Buy",
  "size": 25,
  "price": 0.00007256,
  "tickDirection": "ZeroPlusTick",
  "trdMatchID": "7c7f1f88-e8e7-75bc-830b-c668a2aa85c3",
  "grossValue": 181400,
  "homeNotional": 25,
  "foreignNotional": 0.001814
}, {
  "timestamp": "2018-07-11T07:24:07.968Z",
  "symbol": "XRPU18",
  "side": "Buy",
  "size": 25,
  "price": 0.00007256,
  "tickDirection": "PlusTick",
  "trdMatchID": "c80a98ef-6451-e5cd-36ca-14ca3a0b5996",
  "grossValue": 181400,
  "homeNotional": 25,
  "foreignNotional": 0.001814
}, {
  "timestamp": "2018-07-11T07:22:19.510Z",
  "symbol": "XRPU18",
  "side": "Sell",
  "size": 1000,
  "price": 0.00007255,
  "tickDirection": "MinusTick",
  "trdMatchID": "dfa5001a-08dc-fc38-0e20-072ecf1404f1",
  "grossValue": 7255000,
  "homeNotional": 1000,
  "foreignNotional": 0.07255
}, {
  "timestamp": "2018-07-11T07:21:09.275Z",
  "symbol": "XRPU18",
  "side": "Buy",
  "size": 40,
  "price": 0.00007256,
  "tickDirection": "ZeroPlusTick",
  "trdMatchID": "1b698187-2f69-cea7-8ed5-eeff43ad4637",
  "grossValue": 290240,
  "homeNotional": 40,
  "foreignNotional": 0.0029024
}, {
  "timestamp": "2018-07-11T07:20:59.782Z",
  "symbol": "XRPU18",
  "side": "Buy",
  "size": 40,
  "price": 0.00007256,
  "tickDirection": "ZeroPlusTick",
  "trdMatchID": "87b025bf-5e29-9c6d-dcd1-cf201cc8bc22",
  "grossValue": 290240,
  "homeNotional": 40,
  "foreignNotional": 0.0029024
}, {
  "timestamp": "2018-07-11T07:20:52.880Z",
  "symbol": "XRPU18",
  "side": "Buy",
  "size": 40,
  "price": 0.00007256,
  "tickDirection": "ZeroPlusTick",
  "trdMatchID": "39a990fa-97ad-68ef-aab7-ff3ecd10a4cd",
  "grossValue": 290240,
  "homeNotional": 40,
  "foreignNotional": 0.0029024
}, {
  "timestamp": "2018-07-11T07:20:47.368Z",
  "symbol": "XRPU18",
  "side": "Buy",
  "size": 40,
  "price": 0.00007256,
  "tickDirection": "ZeroPlusTick",
  "trdMatchID": "28b4f6b1-e876-7f8c-fbc9-7a7418e14bb5",
  "grossValue": 290240,
  "homeNotional": 40,
  "foreignNotional": 0.0029024
}, {
  "timestamp": "2018-07-11T07:20:39.455Z",
  "symbol": "XRPU18",
  "side": "Buy",
  "size": 40,
  "price": 0.00007256,
  "tickDirection": "ZeroPlusTick",
  "trdMatchID": "93bf2674-b424-ec67-dee4-51a17443d8f4",
  "grossValue": 290240,
  "homeNotional": 40,
  "foreignNotional": 0.0029024
}, {
  "timestamp": "2018-07-11T07:20:32.140Z",
  "symbol": "XRPU18",
  "side": "Buy",
  "size": 40,
  "price": 0.00007256,
  "tickDirection": "ZeroPlusTick",
  "trdMatchID": "f801316d-51a4-26c0-da7f-2e6d41bd4214",
  "grossValue": 290240,
  "homeNotional": 40,
  "foreignNotional": 0.0029024
}, {
  "timestamp": "2018-07-11T07:20:25.644Z",
  "symbol": "XRPU18",
  "side": "Buy",
  "size": 40,
  "price": 0.00007256,
  "tickDirection": "PlusTick",
  "trdMatchID": "3f592168-7443-4f86-c3e4-24c176e187c3",
  "grossValue": 290240,
  "homeNotional": 40,
  "foreignNotional": 0.0029024
}, {
  "timestamp": "2018-07-11T07:19:59.272Z",
  "symbol": "XRPU18",
  "side": "Sell",
  "size": 5,
  "price": 0.00007255,
  "tickDirection": "ZeroMinusTick",
  "trdMatchID": "7013df0f-61bc-2e5e-a669-d2899d9b42dc",
  "grossValue": 36275,
  "homeNotional": 5,
  "foreignNotional": 0.00036275
}, {
  "timestamp": "2018-07-11T07:19:31.600Z",
  "symbol": "XRPU18",
  "side": "Sell",
  "size": 5,
  "price": 0.00007255,
  "tickDirection": "MinusTick",
  "trdMatchID": "ea26c6ed-5e32-9757-107c-1063d532f9d2",
  "grossValue": 36275,
  "homeNotional": 5,
  "foreignNotional": 0.00036275
}, {
  "timestamp": "2018-07-11T07:18:36.522Z",
  "symbol": "XRPU18",
  "side": "Buy",
  "size": 40,
  "price": 0.00007256,
  "tickDirection": "ZeroMinusTick",
  "trdMatchID": "4b354e4a-e467-d490-e3dd-ded07885c0dc",
  "grossValue": 290240,
  "homeNotional": 40,
  "foreignNotional": 0.0029024
}, {
  "timestamp": "2018-07-11T07:18:27.464Z",
  "symbol": "XRPU18",
  "side": "Buy",
  "size": 40,
  "price": 0.00007256,
  "tickDirection": "ZeroMinusTick",
  "trdMatchID": "7e70b5e3-8eb0-adbf-451f-686e0ed4c834",
  "grossValue": 290240,
  "homeNotional": 40,
  "foreignNotional": 0.0029024
}, {
  "timestamp": "2018-07-11T07:17:52.125Z",
  "symbol": "XRPU18",
  "side": "Buy",
  "size": 2,
  "price": 0.00007256,
  "tickDirection": "ZeroMinusTick",
  "trdMatchID": "765c6548-bb5b-5dbe-d5e5-fb8cc129556e",
  "grossValue": 14512,
  "homeNotional": 2,
  "foreignNotional": 0.00014512
}, {
  "timestamp": "2018-07-11T07:17:27.496Z",
  "symbol": "XRPU18",
  "side": "Buy",
  "size": 40,
  "price": 0.00007256,
  "tickDirection": "MinusTick",
  "trdMatchID": "36fa9eb6-4210-cb0d-5965-473f4706e7eb",
  "grossValue": 290240,
  "homeNotional": 40,
  "foreignNotional": 0.0029024
}, {
  "timestamp": "2018-07-11T07:12:11.684Z",
  "symbol": "XRPU18",
  "side": "Sell",
  "size": 5,
  "price": 0.00007257,
  "tickDirection": "ZeroMinusTick",
  "trdMatchID": "3934f208-a9ff-dae4-2729-758268cc15d3",
  "grossValue": 36285,
  "homeNotional": 5,
  "foreignNotional": 0.00036285
}, {
  "timestamp": "2018-07-11T07:10:39.945Z",
  "symbol": "XRPU18",
  "side": "Sell",
  "size": 5,
  "price": 0.00007257,
  "tickDirection": "MinusTick",
  "trdMatchID": "a383cd96-abf6-8b31-97fb-14d7ef2c2693",
  "grossValue": 36285,
  "homeNotional": 5,
  "foreignNotional": 0.00036285
}, {
  "timestamp": "2018-07-11T07:10:34.199Z",
  "symbol": "XRPU18",
  "side": "Buy",
  "size": 1000,
  "price": 0.00007258,
  "tickDirection": "PlusTick",
  "trdMatchID": "bfa1b1e6-f4f1-12a9-ac80-84fa3480835f",
  "grossValue": 7258000,
  "homeNotional": 1000,
  "foreignNotional": 0.07258
}, {
  "timestamp": "2018-07-11T07:09:16.487Z",
  "symbol": "XRPU18",
  "side": "Sell",
  "size": 5,
  "price": 0.00007257,
  "tickDirection": "ZeroMinusTick",
  "trdMatchID": "3891b203-b2e1-7533-825b-13ed9d62d109",
  "grossValue": 36285,
  "homeNotional": 5,
  "foreignNotional": 0.00036285
}, {
  "timestamp": "2018-07-11T07:08:27.780Z",
  "symbol": "XRPU18",
  "side": "Sell",
  "size": 5,
  "price": 0.00007257,
  "tickDirection": "MinusTick",
  "trdMatchID": "a62a8266-60fd-9a8b-b679-fd1b77128519",
  "grossValue": 36285,
  "homeNotional": 5,
  "foreignNotional": 0.00036285
}, {
  "timestamp": "2018-07-11T07:08:26.375Z",
  "symbol": "XRPU18",
  "side": "Buy",
  "size": 40,
  "price": 0.00007258,
  "tickDirection": "ZeroPlusTick",
  "trdMatchID": "54142b3a-0468-6847-d59e-78ea21fd7fd3",
  "grossValue": 290320,
  "homeNotional": 40,
  "foreignNotional": 0.0029032
}, {
  "timestamp": "2018-07-11T07:08:23.535Z",
  "symbol": "XRPU18",
  "side": "Buy",
  "size": 40,
  "price": 0.00007258,
  "tickDirection": "ZeroPlusTick",
  "trdMatchID": "2db8e052-d518-6959-2633-d1eab2662812",
  "grossValue": 290320,
  "homeNotional": 40,
  "foreignNotional": 0.0029032
}, {
  "timestamp": "2018-07-11T07:08:23.267Z",
  "symbol": "XRPU18",
  "side": "Buy",
  "size": 40,
  "price": 0.00007258,
  "tickDirection": "ZeroPlusTick",
  "trdMatchID": "779aa742-8012-8755-6df2-f8292495f7e6",
  "grossValue": 290320,
  "homeNotional": 40,
  "foreignNotional": 0.0029032
}, {
  "timestamp": "2018-07-11T07:08:20.228Z",
  "symbol": "XRPU18",
  "side": "Buy",
  "size": 40,
  "price": 0.00007258,
  "tickDirection": "ZeroPlusTick",
  "trdMatchID": "4d8de2af-9b7b-2384-3f29-9245a33f6cf3",
  "grossValue": 290320,
  "homeNotional": 40,
  "foreignNotional": 0.0029032
}, {
  "timestamp": "2018-07-11T07:08:18.989Z",
  "symbol": "XRPU18",
  "side": "Buy",
  "size": 40,
  "price": 0.00007258,
  "tickDirection": "ZeroPlusTick",
  "trdMatchID": "db69a009-6e01-7461-73a3-023e5486cbc5",
  "grossValue": 290320,
  "homeNotional": 40,
  "foreignNotional": 0.0029032
}, {
  "timestamp": "2018-07-11T07:08:17.484Z",
  "symbol": "XRPU18",
  "side": "Buy",
  "size": 40,
  "price": 0.00007258,
  "tickDirection": "ZeroPlusTick",
  "trdMatchID": "ae216ee3-3a47-937b-6027-96df90a13b5a",
  "grossValue": 290320,
  "homeNotional": 40,
  "foreignNotional": 0.0029032
}, {
  "timestamp": "2018-07-11T07:08:16.465Z",
  "symbol": "XRPU18",
  "side": "Buy",
  "size": 40,
  "price": 0.00007258,
  "tickDirection": "ZeroPlusTick",
  "trdMatchID": "2bdd6be7-76df-27a6-9e55-8a98c032548e",
  "grossValue": 290320,
  "homeNotional": 40,
  "foreignNotional": 0.0029032
}, {
  "timestamp": "2018-07-11T07:08:08.240Z",
  "symbol": "XRPU18",
  "side": "Buy",
  "size": 40,
  "price": 0.00007258,
  "tickDirection": "ZeroPlusTick",
  "trdMatchID": "505c226e-49d6-1385-2a06-eb82fba3742d",
  "grossValue": 290320,
  "homeNotional": 40,
  "foreignNotional": 0.0029032
}, {
  "timestamp": "2018-07-11T07:08:07.325Z",
  "symbol": "XRPU18",
  "side": "Buy",
  "size": 40,
  "price": 0.00007258,
  "tickDirection": "ZeroPlusTick",
  "trdMatchID": "3100ed57-b195-e3cf-5d2d-b4252dc4192c",
  "grossValue": 290320,
  "homeNotional": 40,
  "foreignNotional": 0.0029032
}, {
  "timestamp": "2018-07-11T07:08:06.486Z",
  "symbol": "XRPU18",
  "side": "Buy",
  "size": 40,
  "price": 0.00007258,
  "tickDirection": "ZeroPlusTick",
  "trdMatchID": "327e8a36-ca3e-0d7a-c9fd-197e0e561a0d",
  "grossValue": 290320,
  "homeNotional": 40,
  "foreignNotional": 0.0029032
}, {
  "timestamp": "2018-07-11T07:08:04.906Z",
  "symbol": "XRPU18",
  "side": "Buy",
  "size": 40,
  "price": 0.00007258,
  "tickDirection": "ZeroPlusTick",
  "trdMatchID": "c8bb268b-3582-acfc-2362-0ab1b360a2cb",
  "grossValue": 290320,
  "homeNotional": 40,
  "foreignNotional": 0.0029032
}, {
  "timestamp": "2018-07-11T07:08:03.293Z",
  "symbol": "XRPU18",
  "side": "Buy",
  "size": 40,
  "price": 0.00007258,
  "tickDirection": "ZeroPlusTick",
  "trdMatchID": "dcd65f51-db4f-2c3c-7311-f39bdffb9cc8",
  "grossValue": 290320,
  "homeNotional": 40,
  "foreignNotional": 0.0029032
}, {
  "timestamp": "2018-07-11T07:08:01.924Z",
  "symbol": "XRPU18",
  "side": "Buy",
  "size": 40,
  "price": 0.00007258,
  "tickDirection": "ZeroPlusTick",
  "trdMatchID": "33200d3d-891d-3dd3-a8b9-75169cfc267d",
  "grossValue": 290320,
  "homeNotional": 40,
  "foreignNotional": 0.0029032
}, {
  "timestamp": "2018-07-11T07:08:00.930Z",
  "symbol": "XRPU18",
  "side": "Buy",
  "size": 40,
  "price": 0.00007258,
  "tickDirection": "ZeroPlusTick",
  "trdMatchID": "3c6095e3-7f91-d06a-1e4c-b14f5625da7b",
  "grossValue": 290320,
  "homeNotional": 40,
  "foreignNotional": 0.0029032
}, {
  "timestamp": "2018-07-11T07:07:56.520Z",
  "symbol": "XRPU18",
  "side": "Buy",
  "size": 40,
  "price": 0.00007258,
  "tickDirection": "PlusTick",
  "trdMatchID": "517b3843-84ea-358f-1e83-a8b2c96db017",
  "grossValue": 290320,
  "homeNotional": 40,
  "foreignNotional": 0.0029032
}, {
  "timestamp": "2018-07-11T07:07:53.123Z",
  "symbol": "XRPU18",
  "side": "Sell",
  "size": 3650,
  "price": 0.00007257,
  "tickDirection": "MinusTick",
  "trdMatchID": "8653c4d3-1d04-df92-014e-ec2471a7a637",
  "grossValue": 26488050,
  "homeNotional": 3650,
  "foreignNotional": 0.2648805
}, {
  "timestamp": "2018-07-11T07:07:50.202Z",
  "symbol": "XRPU18",
  "side": "Buy",
  "size": 40,
  "price": 0.00007258,
  "tickDirection": "ZeroPlusTick",
  "trdMatchID": "96a515ca-6df0-fedb-8a1d-2c8d29392523",
  "grossValue": 290320,
  "homeNotional": 40,
  "foreignNotional": 0.0029032
}, {
  "timestamp": "2018-07-11T07:07:43.630Z",
  "symbol": "XRPU18",
  "side": "Buy",
  "size": 40,
  "price": 0.00007258,
  "tickDirection": "ZeroPlusTick",
  "trdMatchID": "73428b8e-cd6f-3bd5-5010-9bf5b517db64",
  "grossValue": 290320,
  "homeNotional": 40,
  "foreignNotional": 0.0029032
}, {
  "timestamp": "2018-07-11T07:07:39.861Z",
  "symbol": "XRPU18",
  "side": "Buy",
  "size": 40,
  "price": 0.00007258,
  "tickDirection": "ZeroPlusTick",
  "trdMatchID": "9da262b9-a2ed-b798-49bb-a2fb14be97ab",
  "grossValue": 290320,
  "homeNotional": 40,
  "foreignNotional": 0.0029032
}, {
  "timestamp": "2018-07-11T07:07:32.917Z",
  "symbol": "XRPU18",
  "side": "Buy",
  "size": 40,
  "price": 0.00007258,
  "tickDirection": "ZeroPlusTick",
  "trdMatchID": "803692d6-9818-554b-784e-e72e415c3e57",
  "grossValue": 290320,
  "homeNotional": 40,
  "foreignNotional": 0.0029032
}, {
  "timestamp": "2018-07-11T07:07:09.545Z",
  "symbol": "XRPU18",
  "side": "Buy",
  "size": 40,
  "price": 0.00007258,
  "tickDirection": "ZeroPlusTick",
  "trdMatchID": "c02ed068-e424-e17b-17ec-699a511bf2aa",
  "grossValue": 290320,
  "homeNotional": 40,
  "foreignNotional": 0.0029032
}, {
  "timestamp": "2018-07-11T07:07:06.485Z",
  "symbol": "XRPU18",
  "side": "Buy",
  "size": 40,
  "price": 0.00007258,
  "tickDirection": "ZeroPlusTick",
  "trdMatchID": "23ad4333-c7d7-11b9-bd07-e39454548029",
  "grossValue": 290320,
  "homeNotional": 40,
  "foreignNotional": 0.0029032
}, {
  "timestamp": "2018-07-11T07:07:03.748Z",
  "symbol": "XRPU18",
  "side": "Buy",
  "size": 40,
  "price": 0.00007258,
  "tickDirection": "ZeroPlusTick",
  "trdMatchID": "51183cf0-fedb-7567-0d3a-81c67cee4535",
  "grossValue": 290320,
  "homeNotional": 40,
  "foreignNotional": 0.0029032
}, {
  "timestamp": "2018-07-11T07:07:00.499Z",
  "symbol": "XRPU18",
  "side": "Buy",
  "size": 40,
  "price": 0.00007258,
  "tickDirection": "ZeroPlusTick",
  "trdMatchID": "1cad98a5-8702-1cbd-bce3-e5ad71939a8d",
  "grossValue": 290320,
  "homeNotional": 40,
  "foreignNotional": 0.0029032
}, {
  "timestamp": "2018-07-11T07:06:57.140Z",
  "symbol": "XRPU18",
  "side": "Buy",
  "size": 40,
  "price": 0.00007258,
  "tickDirection": "ZeroPlusTick",
  "trdMatchID": "78097db0-30e6-6d33-9911-44cb0995e6bb",
  "grossValue": 290320,
  "homeNotional": 40,
  "foreignNotional": 0.0029032
}, {
  "timestamp": "2018-07-11T07:06:53.321Z",
  "symbol": "XRPU18",
  "side": "Buy",
  "size": 40,
  "price": 0.00007258,
  "tickDirection": "ZeroPlusTick",
  "trdMatchID": "7e076f19-beeb-5c5d-6ea1-15191fc7474e",
  "grossValue": 290320,
  "homeNotional": 40,
  "foreignNotional": 0.0029032
}, {
  "timestamp": "2018-07-11T07:06:46.603Z",
  "symbol": "XRPU18",
  "side": "Buy",
  "size": 40,
  "price": 0.00007258,
  "tickDirection": "ZeroPlusTick",
  "trdMatchID": "32b509e7-ca6f-971d-e45c-4395f47d2cf9",
  "grossValue": 290320,
  "homeNotional": 40,
  "foreignNotional": 0.0029032
}, {
  "timestamp": "2018-07-11T07:06:40.601Z",
  "symbol": "XRPU18",
  "side": "Buy",
  "size": 40,
  "price": 0.00007258,
  "tickDirection": "ZeroPlusTick",
  "trdMatchID": "f5aeb7ea-e7ac-84ba-3d62-8b448d903ab6",
  "grossValue": 290320,
  "homeNotional": 40,
  "foreignNotional": 0.0029032
}, {
  "timestamp": "2018-07-11T07:06:31.978Z",
  "symbol": "XRPU18",
  "side": "Buy",
  "size": 40,
  "price": 0.00007258,
  "tickDirection": "ZeroPlusTick",
  "trdMatchID": "f59dd6d8-dc7d-60a6-22a8-b1b731f97345",
  "grossValue": 290320,
  "homeNotional": 40,
  "foreignNotional": 0.0029032
}, {
  "timestamp": "2018-07-11T07:06:25.367Z",
  "symbol": "XRPU18",
  "side": "Buy",
  "size": 40,
  "price": 0.00007258,
  "tickDirection": "PlusTick",
  "trdMatchID": "9c43741c-40e2-6111-9146-d6c074f19381",
  "grossValue": 290320,
  "homeNotional": 40,
  "foreignNotional": 0.0029032
}, {
  "timestamp": "2018-07-11T07:05:40.593Z",
  "symbol": "XRPU18",
  "side": "Sell",
  "size": 3000,
  "price": 0.00007257,
  "tickDirection": "ZeroMinusTick",
  "trdMatchID": "6ea77395-f268-cb27-9c25-91d69385eba7",
  "grossValue": 21771000,
  "homeNotional": 3000,
  "foreignNotional": 0.21771
}, {
  "timestamp": "2018-07-11T07:05:40.593Z",
  "symbol": "XRPU18",
  "side": "Sell",
  "size": 2000,
  "price": 0.00007257,
  "tickDirection": "ZeroMinusTick",
  "trdMatchID": "a3359810-d182-d39e-0b16-e7dd5e09564d",
  "grossValue": 14514000,
  "homeNotional": 2000,
  "foreignNotional": 0.14514
}, {
  "timestamp": "2018-07-11T07:05:40.593Z",
  "symbol": "XRPU18",
  "side": "Sell",
  "size": 2000,
  "price": 0.00007257,
  "tickDirection": "ZeroMinusTick",
  "trdMatchID": "eb583c59-a10f-e9b2-bc00-e7a30ba7ab8e",
  "grossValue": 14514000,
  "homeNotional": 2000,
  "foreignNotional": 0.14514
}, {
  "timestamp": "2018-07-11T07:05:40.593Z",
  "symbol": "XRPU18",
  "side": "Sell",
  "size": 4000,
  "price": 0.00007257,
  "tickDirection": "ZeroMinusTick",
  "trdMatchID": "b713e455-a978-c4c6-3af0-d7f6430f4e9e",
  "grossValue": 29028000,
  "homeNotional": 4000,
  "foreignNotional": 0.29028
}, {
  "timestamp": "2018-07-11T07:05:40.593Z",
  "symbol": "XRPU18",
  "side": "Sell",
  "size": 4000,
  "price": 0.00007257,
  "tickDirection": "MinusTick",
  "trdMatchID": "95793b3d-e6e7-af4f-447d-5141f1fc2c87",
  "grossValue": 29028000,
  "homeNotional": 4000,
  "foreignNotional": 0.29028
}, {
  "timestamp": "2018-07-11T07:05:28.478Z",
  "symbol": "XRPU18",
  "side": "Buy",
  "size": 1000,
  "price": 0.00007258,
  "tickDirection": "PlusTick",
  "trdMatchID": "f98e1d52-f6cb-b76c-2428-61b5459b1c32",
  "grossValue": 7258000,
  "homeNotional": 1000,
  "foreignNotional": 0.07258
}, {
  "timestamp": "2018-07-11T07:05:01.610Z",
  "symbol": "XRPU18",
  "side": "Buy",
  "size": 40081,
  "price": 0.0000725,
  "tickDirection": "PlusTick",
  "trdMatchID": "fce99218-601c-376b-445e-6bf70b155de7",
  "grossValue": 290587250,
  "homeNotional": 40081,
  "foreignNotional": 2.9058725
}, {
  "timestamp": "2018-07-11T07:04:53.868Z",
  "symbol": "XRPU18",
  "side": "Sell",
  "size": 5,
  "price": 0.00007249,
  "tickDirection": "ZeroMinusTick",
  "trdMatchID": "30c8f4f0-06eb-404a-db4c-2cfcfd26ee57",
  "grossValue": 36245,
  "homeNotional": 5,
  "foreignNotional": 0.00036245
}, {
  "timestamp": "2018-07-11T07:04:39.645Z",
  "symbol": "XRPU18",
  "side": "Sell",
  "size": 17448,
  "price": 0.00007249,
  "tickDirection": "ZeroMinusTick",
  "trdMatchID": "e1020b7b-be8b-cfcc-2aa0-4fb681afefa9",
  "grossValue": 126480552,
  "homeNotional": 17448,
  "foreignNotional": 1.26480552
}, {
  "timestamp": "2018-07-11T07:04:37.853Z",
  "symbol": "XRPU18",
  "side": "Sell",
  "size": 375,
  "price": 0.00007249,
  "tickDirection": "ZeroMinusTick",
  "trdMatchID": "6b55cbee-7602-3e50-5620-22508d9f362b",
  "grossValue": 2718375,
  "homeNotional": 375,
  "foreignNotional": 0.02718375
}, {
  "timestamp": "2018-07-11T07:04:37.853Z",
  "symbol": "XRPU18",
  "side": "Sell",
  "size": 50,
  "price": 0.00007249,
  "tickDirection": "ZeroMinusTick",
  "trdMatchID": "1a8892bd-8bac-f02d-d112-6042b4364a53",
  "grossValue": 362450,
  "homeNotional": 50,
  "foreignNotional": 0.0036245
}, {
  "timestamp": "2018-07-11T07:04:37.853Z",
  "symbol": "XRPU18",
  "side": "Sell",
  "size": 4000,
  "price": 0.00007249,
  "tickDirection": "ZeroMinusTick",
  "trdMatchID": "c827ec0f-e755-0e51-1d0d-b927a81e9a88",
  "grossValue": 28996000,
  "homeNotional": 4000,
  "foreignNotional": 0.28996
}, {
  "timestamp": "2018-07-11T07:04:37.853Z",
  "symbol": "XRPU18",
  "side": "Sell",
  "size": 4000,
  "price": 0.00007249,
  "tickDirection": "MinusTick",
  "trdMatchID": "421176b5-94a2-bbff-fd4a-0f7ab7c96910",
  "grossValue": 28996000,
  "homeNotional": 4000,
  "foreignNotional": 0.28996
}, {
  "timestamp": "2018-07-11T07:03:15.358Z",
  "symbol": "XRPU18",
  "side": "Buy",
  "size": 1919,
  "price": 0.0000725,
  "tickDirection": "PlusTick",
  "trdMatchID": "1ef2c8f3-4b12-8fb5-f07b-2b7106600e01",
  "grossValue": 13912750,
  "homeNotional": 1919,
  "foreignNotional": 0.1391275
}, {
  "timestamp": "2018-07-11T07:01:44.573Z",
  "symbol": "XRPU18",
  "side": "Sell",
  "size": 682,
  "price": 0.00007248,
  "tickDirection": "ZeroMinusTick",
  "trdMatchID": "dd8fdf07-4c98-afdd-4387-3761c4c09c4c",
  "grossValue": 4943136,
  "homeNotional": 682,
  "foreignNotional": 0.04943136
}, {
  "timestamp": "2018-07-11T07:01:44.573Z",
  "symbol": "XRPU18",
  "side": "Sell",
  "size": 2195,
  "price": 0.00007248,
  "tickDirection": "ZeroMinusTick",
  "trdMatchID": "acfea6a2-c8b6-0d39-7214-1512d4c1cc5a",
  "grossValue": 15909360,
  "homeNotional": 2195,
  "foreignNotional": 0.1590936
}, {
  "timestamp": "2018-07-11T07:01:26.690Z",
  "symbol": "XRPU18",
  "side": "Sell",
  "size": 5,
  "price": 0.00007248,
  "tickDirection": "MinusTick",
  "trdMatchID": "59941230-93dc-922d-ae48-00ecf586b4e5",
  "grossValue": 36240,
  "homeNotional": 5,
  "foreignNotional": 0.0003624
}, {
  "timestamp": "2018-07-11T07:01:25.344Z",
  "symbol": "XRPU18",
  "side": "Buy",
  "size": 17448,
  "price": 0.00007249,
  "tickDirection": "ZeroMinusTick",
  "trdMatchID": "78f085cb-eb2a-95cc-7ced-eb2b892acba6",
  "grossValue": 126480552,
  "homeNotional": 17448,
  "foreignNotional": 1.26480552
}, {
  "timestamp": "2018-07-11T07:00:44.908Z",
  "symbol": "XRPU18",
  "side": "Buy",
  "size": 5,
  "price": 0.00007249,
  "tickDirection": "ZeroMinusTick",
  "trdMatchID": "454eaaa7-5b54-25d4-ef53-c131dbabd56f",
  "grossValue": 36245,
  "homeNotional": 5,
  "foreignNotional": 0.00036245
}, {
  "timestamp": "2018-07-11T07:00:44.908Z",
  "symbol": "XRPU18",
  "side": "Buy",
  "size": 2000,
  "price": 0.00007249,
  "tickDirection": "ZeroMinusTick",
  "trdMatchID": "e851105c-4742-56c3-af36-34b2e40284c5",
  "grossValue": 14498000,
  "homeNotional": 2000,
  "foreignNotional": 0.14498
}, {
  "timestamp": "2018-07-11T07:00:44.908Z",
  "symbol": "XRPU18",
  "side": "Buy",
  "size": 1995,
  "price": 0.00007249,
  "tickDirection": "ZeroMinusTick",
  "trdMatchID": "f28b33fa-b0fd-20a1-6f8d-43a35dd25f01",
  "grossValue": 14461755,
  "homeNotional": 1995,
  "foreignNotional": 0.14461755
}, {
  "timestamp": "2018-07-11T07:00:22.553Z",
  "symbol": "XRPU18",
  "side": "Sell",
  "size": 5,
  "price": 0.00007249,
  "tickDirection": "ZeroMinusTick",
  "trdMatchID": "bf5393db-858a-2a28-90be-17950b13172d",
  "grossValue": 36245,
  "homeNotional": 5,
  "foreignNotional": 0.00036245
}, {
  "timestamp": "2018-07-11T07:00:22.553Z",
  "symbol": "XRPU18",
  "side": "Sell",
  "size": 2000,
  "price": 0.00007249,
  "tickDirection": "ZeroMinusTick",
  "trdMatchID": "59f8f718-3f25-989a-e621-6df61b86e9b9",
  "grossValue": 14498000,
  "homeNotional": 2000,
  "foreignNotional": 0.14498
}, {
  "timestamp": "2018-07-11T06:59:31.621Z",
  "symbol": "XRPU18",
  "side": "Sell",
  "size": 4000,
  "price": 0.00007249,
  "tickDirection": "MinusTick",
  "trdMatchID": "98afcc42-2681-f333-1af0-59249847cf15",
  "grossValue": 28996000,
  "homeNotional": 4000,
  "foreignNotional": 0.28996
}, {
  "timestamp": "2018-07-11T06:59:20.583Z",
  "symbol": "XRPU18",
  "side": "Sell",
  "size": 1000,
  "price": 0.0000725,
  "tickDirection": "ZeroMinusTick",
  "trdMatchID": "9702e692-095e-08d5-86d9-2533b3b75942",
  "grossValue": 7250000,
  "homeNotional": 1000,
  "foreignNotional": 0.0725
}, {
  "timestamp": "2018-07-11T06:59:20.583Z",
  "symbol": "XRPU18",
  "side": "Sell",
  "size": 1000,
  "price": 0.0000725,
  "tickDirection": "ZeroMinusTick",
  "trdMatchID": "3723e97a-1b24-b1b2-1cb4-ee1faafa6b5d",
  "grossValue": 7250000,
  "homeNotional": 1000,
  "foreignNotional": 0.0725
}, {
  "timestamp": "2018-07-11T06:59:20.583Z",
  "symbol": "XRPU18",
  "side": "Sell",
  "size": 4000,
  "price": 0.0000725,
  "tickDirection": "ZeroMinusTick",
  "trdMatchID": "f7f9299b-48bf-de41-27bb-953bb95a4565",
  "grossValue": 29000000,
  "homeNotional": 4000,
  "foreignNotional": 0.29
}, {
  "timestamp": "2018-07-11T06:59:20.583Z",
  "symbol": "XRPU18",
  "side": "Sell",
  "size": 2000,
  "price": 0.0000725,
  "tickDirection": "MinusTick",
  "trdMatchID": "8d17c4a9-a121-e513-c88e-b158bc57d2fb",
  "grossValue": 14500000,
  "homeNotional": 2000,
  "foreignNotional": 0.145
}, {
  "timestamp": "2018-07-11T06:53:38.276Z",
  "symbol": "XRPU18",
  "side": "Buy",
  "size": 450,
  "price": 0.00007251,
  "tickDirection": "ZeroMinusTick",
  "trdMatchID": "d80b9fdb-b4c7-e7f3-80a3-a275d94e08e9",
  "grossValue": 3262950,
  "homeNotional": 450,
  "foreignNotional": 0.0326295
}, {
  "timestamp": "2018-07-11T06:53:38.276Z",
  "symbol": "XRPU18",
  "side": "Buy",
  "size": 8000,
  "price": 0.00007251,
  "tickDirection": "ZeroMinusTick",
  "trdMatchID": "8bffd3c9-d2f9-70c0-cfc3-c95f4d0fffc5",
  "grossValue": 58008000,
  "homeNotional": 8000,
  "foreignNotional": 0.58008
}, {
  "timestamp": "2018-07-11T06:53:38.276Z",
  "symbol": "XRPU18",
  "side": "Buy",
  "size": 1550,
  "price": 0.00007251,
  "tickDirection": "ZeroMinusTick",
  "trdMatchID": "90b6cc62-4a99-6468-4455-bf485a673a81",
  "grossValue": 11239050,
  "homeNotional": 1550,
  "foreignNotional": 0.1123905
}, {
  "timestamp": "2018-07-11T06:50:32.473Z",
  "symbol": "XRPU18",
  "side": "Buy",
  "size": 450,
  "price": 0.00007251,
  "tickDirection": "ZeroMinusTick",
  "trdMatchID": "e0de21a3-8600-50b8-170b-d5f455c155a3",
  "grossValue": 3262950,
  "homeNotional": 450,
  "foreignNotional": 0.0326295
}, {
  "timestamp": "2018-07-11T06:50:32.473Z",
  "symbol": "XRPU18",
  "side": "Buy",
  "size": 50,
  "price": 0.00007251,
  "tickDirection": "ZeroMinusTick",
  "trdMatchID": "7e5033b9-edb2-f7aa-2bce-c77794601071",
  "grossValue": 362550,
  "homeNotional": 50,
  "foreignNotional": 0.0036255
}, {
  "timestamp": "2018-07-11T06:49:20.940Z",
  "symbol": "XRPU18",
  "side": "Sell",
  "size": 752,
  "price": 0.00007251,
  "tickDirection": "ZeroMinusTick",
  "trdMatchID": "641b28a9-be09-a846-e606-54da8d0e4ff4",
  "grossValue": 5452752,
  "homeNotional": 752,
  "foreignNotional": 0.05452752
}, {
  "timestamp": "2018-07-11T06:49:20.940Z",
  "symbol": "XRPU18",
  "side": "Sell",
  "size": 22,
  "price": 0.00007251,
  "tickDirection": "ZeroMinusTick",
  "trdMatchID": "fb88b355-62ae-86e4-3f70-4d4b957d7eb3",
  "grossValue": 159522,
  "homeNotional": 22,
  "foreignNotional": 0.00159522
}, {
  "timestamp": "2018-07-11T06:49:20.940Z",
  "symbol": "XRPU18",
  "side": "Sell",
  "size": 2000,
  "price": 0.00007251,
  "tickDirection": "MinusTick",
  "trdMatchID": "e04e865e-ce08-8965-0a2a-83ea8be10119",
  "grossValue": 14502000,
  "homeNotional": 2000,
  "foreignNotional": 0.14502
}, {
  "timestamp": "2018-07-11T06:49:14.802Z",
  "symbol": "XRPU18",
  "side": "Buy",
  "size": 2500,
  "price": 0.00007252,
  "tickDirection": "MinusTick",
  "trdMatchID": "1c8c8a5d-af75-d94e-2bc7-c59bc21f47e0",
  "grossValue": 18130000,
  "homeNotional": 2500,
  "foreignNotional": 0.1813
}, {
  "timestamp": "2018-07-11T06:48:26.430Z",
  "symbol": "XRPU18",
  "side": "Buy",
  "size": 500,
  "price": 0.00007253,
  "tickDirection": "MinusTick",
  "trdMatchID": "199ffa00-47a7-3b3f-e2db-c01f91b06b29",
  "grossValue": 3626500,
  "homeNotional": 500,
  "foreignNotional": 0.036265
}, {
  "timestamp": "2018-07-11T06:47:20.465Z",
  "symbol": "XRPU18",
  "side": "Sell",
  "size": 261,
  "price": 0.00007254,
  "tickDirection": "ZeroMinusTick",
  "trdMatchID": "22404bb0-aa66-1dac-bda2-574b42a5c637",
  "grossValue": 1893294,
  "homeNotional": 261,
  "foreignNotional": 0.01893294
}, {
  "timestamp": "2018-07-11T06:46:38.596Z",
  "symbol": "XRPU18",
  "side": "Sell",
  "size": 1300,
  "price": 0.00007254,
  "tickDirection": "MinusTick",
  "trdMatchID": "1670c244-b040-3096-c975-79c094d65956",
  "grossValue": 9430200,
  "homeNotional": 1300,
  "foreignNotional": 0.094302
}, {
  "timestamp": "2018-07-11T06:46:29.379Z",
  "symbol": "XRPU18",
  "side": "Buy",
  "size": 100,
  "price": 0.00007255,
  "tickDirection": "PlusTick",
  "trdMatchID": "4ba52d02-4341-4d84-56e4-cf94ccf088c3",
  "grossValue": 725500,
  "homeNotional": 100,
  "foreignNotional": 0.007255
}, {
  "timestamp": "2018-07-11T06:46:21.782Z",
  "symbol": "XRPU18",
  "side": "Sell",
  "size": 72,
  "price": 0.00007254,
  "tickDirection": "MinusTick",
  "trdMatchID": "af648cff-1a83-e913-c72f-b9ca327c1c41",
  "grossValue": 522288,
  "homeNotional": 72,
  "foreignNotional": 0.00522288
}, {
  "timestamp": "2018-07-11T06:46:21.492Z",
  "symbol": "XRPU18",
  "side": "Buy",
  "size": 500,
  "price": 0.00007255,
  "tickDirection": "ZeroMinusTick",
  "trdMatchID": "0b0ae3cf-3c65-aa0c-820d-ff466ee0bc95",
  "grossValue": 3627500,
  "homeNotional": 500,
  "foreignNotional": 0.036275
}, {
  "timestamp": "2018-07-11T06:46:11.823Z",
  "symbol": "XRPU18",
  "side": "Buy",
  "size": 29,
  "price": 0.00007255,
  "tickDirection": "MinusTick",
  "trdMatchID": "bc8c50a9-f081-0c01-a761-6f8de0511e73",
  "grossValue": 210395,
  "homeNotional": 29,
  "foreignNotional": 0.00210395
}, {
  "timestamp": "2018-07-11T06:46:08.384Z",
  "symbol": "XRPU18",
  "side": "Sell",
  "size": 2000,
  "price": 0.00007262,
  "tickDirection": "PlusTick",
  "trdMatchID": "24eba249-7280-bba2-3590-3c18d7b1680c",
  "grossValue": 14524000,
  "homeNotional": 2000,
  "foreignNotional": 0.14524
}, {
  "timestamp": "2018-07-11T06:45:57.268Z",
  "symbol": "XRPU18",
  "side": "Sell",
  "size": 914,
  "price": 0.00007261,
  "tickDirection": "ZeroMinusTick",
  "trdMatchID": "95381f99-749b-70a0-ca5b-5024d215513f",
  "grossValue": 6636554,
  "homeNotional": 914,
  "foreignNotional": 0.06636554
}, {
  "timestamp": "2018-07-11T06:45:57.268Z",
  "symbol": "XRPU18",
  "side": "Sell",
  "size": 201,
  "price": 0.00007261,
  "tickDirection": "MinusTick",
  "trdMatchID": "06e201b4-168c-fd95-f408-4f3abaaa03af",
  "grossValue": 1459461,
  "homeNotional": 201,
  "foreignNotional": 0.01459461
}, {
  "timestamp": "2018-07-11T06:45:57.268Z",
  "symbol": "XRPU18",
  "side": "Sell",
  "size": 1990,
  "price": 0.00007262,
  "tickDirection": "MinusTick",
  "trdMatchID": "48cad3b3-5219-3d81-2f8d-75b7a4ffe457",
  "grossValue": 14451380,
  "homeNotional": 1990,
  "foreignNotional": 0.1445138
}, {
  "timestamp": "2018-07-11T06:45:57.268Z",
  "symbol": "XRPU18",
  "side": "Sell",
  "size": 2895,
  "price": 0.00007266,
  "tickDirection": "MinusTick",
  "trdMatchID": "ddab244c-c740-ace0-64d7-7f110ab9d41b",
  "grossValue": 21035070,
  "homeNotional": 2895,
  "foreignNotional": 0.2103507
}]